<?xml version="1.0" encoding="UTF-8"?><record xmlns="http://www.loc.gov/MARC21/slim" xmlns:cinclude="http://apache.org/cocoon/include/1.0" xmlns:zs="http://www.loc.gov/zing/srw/">
  <leader>00406nz  a2200121n  4500</leader>
  <controlfield tag="001">n  89616649 </controlfield>
  <controlfield tag="003">DLC</controlfield>
  <controlfield tag="005">19890321071214.1</controlfield>
  <controlfield tag="008">890321n| acannaab|          |n aad |||  </controlfield>
  <datafield tag="010" ind1=" " ind2=" ">
    <subfield code="a">n  89616649 </subfield>
  </datafield>
  <datafield tag="040" ind1=" " ind2=" ">
    <subfield code="a">DLC</subfield>
    <subfield code="c">DLC</subfield>
  </datafield>
  <datafield tag="100" ind1="1" ind2="0">
    <subfield code="a">Denton, Lila Rose</subfield>
  </datafield>
  <datafield tag="670" ind1=" " ind2=" ">
    <subfield code="a">nuc89-29368: Her History of First United Methodist Church, McMinnville, Tennessee, 1984</subfield>
    <subfield code="b">(hdg. on WHi rept.: Denton, Lila Rose; usage: Lila Rose Denton)</subfield>
  </datafield>
</record>